@article{CSP,
	author = "C.A.R. Hoare",
	title = "Communication Sequential Processes",
	journal = "Communications of the ACM",
	year = "1978",
	volume = "21",
	number = "8",
	note = {\url{http://www.cs.ucf.edu/courses/cop4020/sum2009/CSP-hoare.pdf} zuletzt besucht am 25.01.2014}
}

@book{CSPBOOK,
	author = "C.A.R. Hoare",
	title = "Communication Sequential Processes",
	year = "2004",
	month = "6",
	note = {Electronic version \url{http://www.usingcsp.com/cspbook.pdf} zuletzt besucht am 27.01.2014}
}